%% This BibTeX bibliography file was created using BibDesk.
%% http://bibdesk.sourceforge.net/


%% Created for Manuel Villarreal at 2018-07-24 14:03:24 -0500 


%% Saved with string encoding Western (Mac OS Roman) 



@article{CLCH2002,
	Author = {Clyde, Merlise and Chaloner, Kathryn},
	Date-Added = {2018-07-23 21:26:47 +0000},
	Date-Modified = {2018-07-24 19:03:22 +0000},
	Journal = {Journal of Statistical Planning and Inference},
	Pages = {175-196},
	Title = {Constrained Design Strategies for Improving Normal Approximations in Nonlinear Regression Problems},
	Volume = {104},
	Year = {2002}}

@article{zhaye2014,
	Author = {Zhang, Ying and Ye, Keying},
	Date-Added = {2018-07-16 18:55:56 +0000},
	Date-Modified = {2018-07-16 20:02:25 +0000},
	Journal = {Communications in Statistics - Theory and Methods},
	Pages = {1234-1247},
	Title = {Bayesian D-Optimal Designs for Poisson Regression Models},
	Volume = {43},
	Year = {2014}}

@article{chalar1989,
	Author = {Chaloner, Kathryn and Larntz, Kinley},
	Date-Added = {2018-07-16 18:52:25 +0000},
	Date-Modified = {2018-07-16 20:02:49 +0000},
	Journal = {Journal of Statistical Planning and Inference},
	Month = {February},
	Number = {2},
	Pages = {191-208},
	Title = {Optimal Bayesian Design Applied to Logistic Regression Experiments},
	Volume = {21},
	Year = {1989}}

@article{Ber1979,
	Author = {Bernardo, Jos{\'e}},
	Date-Added = {2018-06-26 00:44:57 +0000},
	Date-Modified = {2018-06-26 00:48:44 +0000},
	Journal = {The Annals of Statistics},
	Number = {3},
	Pages = {686-690},
	Title = {Expected Information as Expected Utility},
	Volume = {7},
	Year = {1979}}

@article{ZL2010,
	Author = {Shunan Zhang and Michael Lee},
	Date-Added = {2018-06-07 23:45:39 +0000},
	Date-Modified = {2018-06-07 23:48:14 +0000},
	Journal = {Journal of Mathematical Psychology},
	Pages = {499-508},
	Title = {Optimal Experimental Design for a Class of Bandit Problems},
	Volume = {54},
	Year = {2010}}

@article{Myung2009,
	Author = {Jay Myung and Mark Pitt},
	Date-Added = {2018-06-07 19:57:49 +0000},
	Date-Modified = {2018-06-07 20:39:21 +0000},
	Journal = {Psychological Review},
	Number = {3},
	Pages = {499-518},
	Read = {0},
	Title = {Optimal Experimental Design for Model Discrimination},
	Volume = {116},
	Year = {2009}}
